<?xml version="1.0" encoding="UTF-8"?>
  <record xmlns="http://www.loc.gov/MARC21/slim" type="Authority">
    <leader>00000nz  a2200000nc 4500</leader>
    <controlfield tag="001">101094108</controlfield>
    <controlfield tag="003">DE-101</controlfield>
    <controlfield tag="005">20171124130321.0</controlfield>
    <controlfield tag="008">911220n||azznnaabn           | aaa    |c</controlfield>
    <datafield tag="024" ind1="7" ind2=" ">
      <subfield code="a">101094108</subfield>
      <subfield code="0">http://d-nb.info/gnd/101094108</subfield>
      <subfield code="2">gnd</subfield>
    </datafield>
    <datafield tag="035" ind1=" " ind2=" ">
      <subfield code="a">(DE-101)101094108</subfield>
    </datafield>
    <datafield tag="035" ind1=" " ind2=" ">
      <subfield code="a">(DE-588)101094108</subfield>
    </datafield>
    <datafield tag="035" ind1=" " ind2=" ">
      <subfield code="z">(DE-588)1089525796</subfield>
    </datafield>
    <datafield tag="035" ind1=" " ind2=" ">
      <subfield code="z">(DE-588a)101094108</subfield>
      <subfield code="9">v:zg</subfield>
    </datafield>
    <datafield tag="035" ind1=" " ind2=" ">
      <subfield code="z">(DE-588c)4780968-1</subfield>
      <subfield code="9">v:zg</subfield>
    </datafield>
    <datafield tag="040" ind1=" " ind2=" ">
      <subfield code="a">DE-12</subfield>
      <subfield code="c">DE-12</subfield>
      <subfield code="9">r:DE-12</subfield>
      <subfield code="b">ger</subfield>
      <subfield code="d">1031</subfield>
    </datafield>
    <datafield tag="042" ind1=" " ind2=" ">
      <subfield code="a">gnd1</subfield>
    </datafield>
    <datafield tag="043" ind1=" " ind2=" ">
      <subfield code="c">XV</subfield>
    </datafield>
    <datafield tag="065" ind1=" " ind2=" ">
      <subfield code="a">16.5p</subfield>
      <subfield code="2">sswd</subfield>
    </datafield>
    <datafield tag="075" ind1=" " ind2=" ">
      <subfield code="b">p</subfield>
      <subfield code="2">gndgen</subfield>
    </datafield>
    <datafield tag="075" ind1=" " ind2=" ">
      <subfield code="b">piz</subfield>
      <subfield code="2">gndspec</subfield>
    </datafield>
    <datafield tag="079" ind1=" " ind2=" ">
      <subfield code="a">g</subfield>
      <subfield code="q">a</subfield>
      <subfield code="q">f</subfield>
      <subfield code="q">e</subfield>
      <subfield code="q">s</subfield>
      <subfield code="q">z</subfield>
      <subfield code="u">k</subfield>
    </datafield>
    <datafield tag="100" ind1="0" ind2=" ">
      <subfield code="a">Ahmed</subfield>
      <subfield code="b">III.</subfield>
      <subfield code="c">Osmanisches Reich, Sultan</subfield>
      <subfield code="d">1673-1736</subfield>
    </datafield>
    <datafield tag="375" ind1=" " ind2=" ">
      <subfield code="a">1</subfield>
      <subfield code="2">iso5218</subfield>
    </datafield>
    <datafield tag="400" ind1="0" ind2=" ">
      <subfield code="a">Ahmed</subfield>
      <subfield code="b">III.</subfield>
      <subfield code="c">Türkiye, Sultan</subfield>
      <subfield code="d">1673-1736</subfield>
    </datafield>
    <datafield tag="400" ind1="0" ind2=" ">
      <subfield code="a">Achmed</subfield>
      <subfield code="b">III.</subfield>
      <subfield code="c">Osmanisches Reich, Sultan</subfield>
      <subfield code="d">1673-1736</subfield>
    </datafield>
    <datafield tag="400" ind1="0" ind2=" ">
      <subfield code="a">Achmed</subfield>
      <subfield code="b">III.</subfield>
      <subfield code="c">Türkei, Sultan</subfield>
      <subfield code="d">1673-1736</subfield>
    </datafield>
    <datafield tag="400" ind1="0" ind2=" ">
      <subfield code="a">Achmed</subfield>
      <subfield code="c">III.</subfield>
      <subfield code="c">türkischer Sultan</subfield>
      <subfield code="d">1673-1736</subfield>
    </datafield>
    <datafield tag="400" ind1="0" ind2=" ">
      <subfield code="a">Ahmad</subfield>
      <subfield code="b">III.</subfield>
      <subfield code="c">Türkiye, Sultan</subfield>
      <subfield code="d">1673-1736</subfield>
    </datafield>
    <datafield tag="400" ind1="0" ind2=" ">
      <subfield code="a">Ahmad</subfield>
      <subfield code="b">III.</subfield>
      <subfield code="c">Osmanisches Reich, Sultan</subfield>
      <subfield code="d">1673-1736</subfield>
    </datafield>
    <datafield tag="400" ind1="0" ind2=" ">
      <subfield code="a">Achmet Cham</subfield>
      <subfield code="d">1673-1736</subfield>
    </datafield>
    <datafield tag="400" ind1="0" ind2=" ">
      <subfield code="a">Achmet Cham</subfield>
      <subfield code="b">III.</subfield>
      <subfield code="c">Türkei, Sultan</subfield>
      <subfield code="d">1673-1736</subfield>
    </datafield>
    <datafield tag="400" ind1="0" ind2=" ">
      <subfield code="a">Achmet</subfield>
      <subfield code="b">III.</subfield>
      <subfield code="c">Türkei, Sultan</subfield>
      <subfield code="d">1673-1736</subfield>
    </datafield>
    <datafield tag="400" ind1="0" ind2=" ">
      <subfield code="a">Achmet</subfield>
      <subfield code="c">Türkei, Sultan</subfield>
      <subfield code="d">1673-1736</subfield>
    </datafield>
    <datafield tag="400" ind1="0" ind2=" ">
      <subfield code="a">Achmet</subfield>
      <subfield code="b">III.</subfield>
      <subfield code="c">Osmanisches Reich, Sultan</subfield>
      <subfield code="d">1673-1736</subfield>
    </datafield>
    <datafield tag="400" ind1="0" ind2=" ">
      <subfield code="a">Hehomath</subfield>
      <subfield code="b">III.</subfield>
      <subfield code="c">Türkei, Sultan</subfield>
      <subfield code="d">1673-1736</subfield>
    </datafield>
    <datafield tag="500" ind1="0" ind2=" ">
      <subfield code="0">(DE-101)103143556</subfield>
      <subfield code="0">(DE-588)103143556</subfield>
      <subfield code="0">https://d-nb.info/gnd/103143556</subfield>
      <subfield code="a">Mehmed</subfield>
      <subfield code="b">IV.</subfield>
      <subfield code="c">Osmanisches Reich, Sultan</subfield>
      <subfield code="d">1642-1692</subfield>
      <subfield code="4">bezf</subfield>
      <subfield code="4">https://d-nb.info/standards/elementset/gnd#familialRelationship</subfield>
      <subfield code="w">r</subfield>
      <subfield code="i">Beziehung familiaer</subfield>
      <subfield code="e">Beziehung familiaer</subfield>
      <subfield code="9">v:Vater</subfield>
    </datafield>
    <datafield tag="500" ind1="0" ind2=" ">
      <subfield code="0">(DE-101)101094094</subfield>
      <subfield code="0">(DE-588)101094094</subfield>
      <subfield code="0">https://d-nb.info/gnd/101094094</subfield>
      <subfield code="a">Mustafa</subfield>
      <subfield code="b">II.</subfield>
      <subfield code="c">Osmanisches Reich, Sultan</subfield>
      <subfield code="d">1664-1703</subfield>
      <subfield code="4">bezf</subfield>
      <subfield code="4">https://d-nb.info/standards/elementset/gnd#familialRelationship</subfield>
      <subfield code="w">r</subfield>
      <subfield code="i">Beziehung familiaer</subfield>
      <subfield code="e">Beziehung familiaer</subfield>
      <subfield code="9">v:Bruder</subfield>
    </datafield>
    <datafield tag="500" ind1="0" ind2=" ">
      <subfield code="0">(DE-101)1033536903</subfield>
      <subfield code="0">(DE-588)1033536903</subfield>
      <subfield code="0">https://d-nb.info/gnd/1033536903</subfield>
      <subfield code="a">Mahmud</subfield>
      <subfield code="b">I.</subfield>
      <subfield code="c">Osmanisches Reich, Sultan</subfield>
      <subfield code="d">1696-1754</subfield>
      <subfield code="4">bezf</subfield>
      <subfield code="4">https://d-nb.info/standards/elementset/gnd#familialRelationship</subfield>
      <subfield code="w">r</subfield>
      <subfield code="i">Beziehung familiaer</subfield>
      <subfield code="e">Beziehung familiaer</subfield>
      <subfield code="9">v:Neffe</subfield>
    </datafield>
    <datafield tag="500" ind1="0" ind2=" ">
      <subfield code="0">(DE-101)1023827859</subfield>
      <subfield code="0">(DE-588)1023827859</subfield>
      <subfield code="0">https://d-nb.info/gnd/1023827859</subfield>
      <subfield code="a">Mustafa</subfield>
      <subfield code="b">III.</subfield>
      <subfield code="c">Osmanisches Reich, Sultan</subfield>
      <subfield code="d">1717-1774</subfield>
      <subfield code="4">bezf</subfield>
      <subfield code="4">https://d-nb.info/standards/elementset/gnd#familialRelationship</subfield>
      <subfield code="w">r</subfield>
      <subfield code="i">Beziehung familiaer</subfield>
      <subfield code="e">Beziehung familiaer</subfield>
      <subfield code="9">v:Sohn</subfield>
    </datafield>
    <datafield tag="500" ind1="0" ind2=" ">
      <subfield code="0">(DE-101)101068638</subfield>
      <subfield code="0">(DE-588)101068638</subfield>
      <subfield code="0">https://d-nb.info/gnd/101068638</subfield>
      <subfield code="a">Abdülhamid</subfield>
      <subfield code="b">I.</subfield>
      <subfield code="c">Osmanisches Reich, Sultan</subfield>
      <subfield code="d">1725-1789</subfield>
      <subfield code="4">bezf</subfield>
      <subfield code="4">https://d-nb.info/standards/elementset/gnd#familialRelationship</subfield>
      <subfield code="w">r</subfield>
      <subfield code="i">Beziehung familiaer</subfield>
      <subfield code="e">Beziehung familiaer</subfield>
      <subfield code="9">v:Sohn</subfield>
    </datafield>
    <datafield tag="500" ind1="0" ind2=" ">
      <subfield code="0">(DE-101)132078937</subfield>
      <subfield code="0">(DE-588)132078937</subfield>
      <subfield code="0">https://d-nb.info/gnd/132078937</subfield>
      <subfield code="a">Fatma</subfield>
      <subfield code="c">Osmanisches Reich, Prinzessin</subfield>
      <subfield code="d">1704-1733</subfield>
      <subfield code="4">bezf</subfield>
      <subfield code="4">https://d-nb.info/standards/elementset/gnd#familialRelationship</subfield>
      <subfield code="w">r</subfield>
      <subfield code="i">Beziehung familiaer</subfield>
      <subfield code="e">Beziehung familiaer</subfield>
      <subfield code="9">v:Tochter</subfield>
    </datafield>
    <datafield tag="510" ind1="2" ind2=" ">
      <subfield code="0">(DE-101)1122228333</subfield>
      <subfield code="0">(DE-588)1122228333</subfield>
      <subfield code="0">https://d-nb.info/gnd/1122228333</subfield>
      <subfield code="a">Osmanisches Reich</subfield>
      <subfield code="b">Sultan</subfield>
      <subfield code="g">1703-1730 : Ahmed III.</subfield>
      <subfield code="4">affi</subfield>
      <subfield code="4">https://d-nb.info/standards/elementset/gnd#affiliation</subfield>
      <subfield code="w">r</subfield>
      <subfield code="i">Affiliation</subfield>
      <subfield code="e">Affiliation</subfield>
    </datafield>
    <datafield tag="548" ind1=" " ind2=" ">
      <subfield code="a">1673-1736</subfield>
      <subfield code="4">datl</subfield>
      <subfield code="4">https://d-nb.info/standards/elementset/gnd#dateOfBirthAndDeath</subfield>
      <subfield code="w">r</subfield>
      <subfield code="i">Lebensdaten</subfield>
    </datafield>
    <datafield tag="550" ind1=" " ind2=" ">
      <subfield code="0">(DE-101)042092353</subfield>
      <subfield code="0">(DE-588)4209235-8</subfield>
      <subfield code="0">https://d-nb.info/gnd/4209235-8</subfield>
      <subfield code="a">Sultan</subfield>
      <subfield code="4">berc</subfield>
      <subfield code="4">https://d-nb.info/standards/elementset/gnd#professionOrOccupation</subfield>
      <subfield code="w">r</subfield>
      <subfield code="i">Charakteristischer Beruf</subfield>
    </datafield>
    <datafield tag="667" ind1=" " ind2=" ">
      <subfield code="a">384</subfield>
    </datafield>
    <datafield tag="667" ind1=" " ind2=" ">
      <subfield code="a">HBZ</subfield>
    </datafield>
    <datafield tag="670" ind1=" " ind2=" ">
      <subfield code="a">BSB-Orient</subfield>
    </datafield>
    <datafield tag="670" ind1=" " ind2=" ">
      <subfield code="a">Wikipedia</subfield>
      <subfield code="u">https://de.wikipedia.org/wiki/Ahmed_III.</subfield>
    </datafield>
    <datafield tag="672" ind1=" " ind2="0">
      <subfield code="a">Vertrag &lt;1718.07.21&gt;. - 1718 ca.</subfield>
    </datafield>
    <datafield tag="678" ind1=" " ind2=" ">
      <subfield code="b">regierte 1703-1730; abgesetzt zugunsten seines Neffen Mahmud I.</subfield>
    </datafield>
    <datafield tag="913" ind1=" " ind2=" ">
      <subfield code="S">pnd</subfield>
      <subfield code="i">5</subfield>
      <subfield code="a">Ahmed &lt;Osmanisches Reich, Sultan, III.&gt;</subfield>
      <subfield code="0">(DE-588a)101094108</subfield>
    </datafield>
  </record>
